@article{clerc2012,
    author = "Xavier Clerc",
    title = "{OCaml-Java: OCaml on the JVM}",
    year = "2012",
    journal = "Trends in Functional Programming",
    pages = "167--181"
}

@book{madhavapeddy2013,
    author = "Anil Madhavapeddy and Jason Hickey and Yaron Minsky",
    title = "{Real World OCaml}",
    year = "2013",
    publisher = "O'Reilly"
}

@misc{web:autokeyword,
    author = "Microsoft Coperation", 
    title = "{auto Keyword (Type Deduction)}",
    howpublished = "http://msdn.microsoft.com/en-us/library/vstudio/dd293667.aspx"
}

@misc{web:aboutjava,
    author = "Oracle Corperation",
    title = "{Learn About Java Technology}",
    howpublished = "http://www.java.com/en/about/"
}

@misc{web:javalambda,
    author = "Oracle Corperation",
    title = "{Lambda Expressions}",
    howpublished = "http://docs.oracle.com/javase/tutorial/java/javaOO/lambdaexpressions.html"
}

@misc{web:janestreettech,
    author = "Jane Street Capital",
    title = "{Technology - Jane Street}",
    howpublished = "http://janestreet.com/technology/"
}

@book{hennessy2012,
    author = "John L. Hennessy and David A. Patterson",
    title = "{Computer Architecture: A Quantative Approach}",
    year = "2012",
    publisher = "Morgan Kaufmann",
    edition = "fifth",
}
